@book{1000,
	author = {Susanna S. Epp},
	title = {Discrete Mathematics with Applications},
	date = {2019},
	edition = {Fifth edition},
	Version = {Metric version},
}
